@book{nielsen,
  title     = {Designing Web Usability},
  author    = {Nielsen, Jakob},
  year      = 2002,
  publisher = {New Riders Publications Div Of Pearson},
  address   = {London}
}
}
